@BOOK{Kalashnikov,
	author = {Бонч-Бруевич, В. Л. and Калашников, С. Г.},
	title = {Физика полупроводников},
	address = {М.},
	publisher = {Мир},
	year = {1977},
	numpages = {678},
	language = {russian}
}

@ARTICLE{getMeshkov,
	author = {М.О. Макеев and Ю.А. Иванов and С.А. Мешков},
	title =  {Оценка стойкости к диффузионной деструкции наноразмерных AlAs/GaAs резонансно-туннельных гетероструктур методом ИК-спектральной эллипсометрии},
	journal = {Физика и техника полупроводников},
	year = {2016},
	language = {russian}
}

@BOOK{Makeev,
	author = {Макеев, Мстислав Олегович},
	title = {Разработка конструкторско-технологических методов и средств  повышения надёжности смесителей радиосигналов   на основе резонансно-туннельных диодов: автореф. дис. канд. техн. наук : 05.11.14},
	address = {М.},
	year = {2014},
	numpages = {17},
	language = {russian}
}

@BOOK{Shilaev,
  author = {Шиляев, П.А. and Павлов, Д.А.},
  title = {Полупроводниковые гетероструктуры --- гетеропереход: учебно-методическое пособие},
  address = {Н.Новгород},
  publisher = {Нижегородский госуниверситет},
  year = {2009},
  numpages = {18},
  language = {russian}
}

@BOOK{Shinkarenko,
  author = {Шинкаренко, В. Г.},
  title = {Электрические свойства полупроводников: учебно-методическое пособие},
  address = {М.},
  publisher = {МФТИ},
  year = {2012},
  numpages = {80},
  language = {russian}
}

@BOOK{Harrison,
  author = {Harrison, W. A.},
  title = {Electronic Structure and the Properties of Solids: The Physics of the Chemical Bond},
  address = {Massachusetts},
  publisher = {Courier Corporation},
  year = {2012},
  numpages = {582},
  language = {english}
}

@BOOK{Usanov,
	author = {Усанов, Д. А. and  Скрипаль, А. В.},
	title = {Физические основы наноэлектроники},
	address = {Саратов},
	publisher = {ил. Электронное издание},
	year = {2013},
	numpages = {128},
	language = {russian}
}

@BOOK{Moskaluk,
	author = {Москалюк, В. А. and Тимофеев, В. И. and Федяй, А. В.},
	title = {Сверхбыстродействующие приборы электроники},
	address = {К.},
	publisher = {НТУУ <<КПИ>>},
	year = {2012},
	numpages = {479},
	language = {russian}
}

@BOOK{Samarski,
	author = {Самарский, А. А.},
	title = {Введение в численные методы},
	address = {М.},
	publisher = {Наука},
	year = {1987},
	numpages = {288},
	language = {russian}
}

@ARTICLE{Gosele,
  author = {Gosele, U. and Tan, T. Y. and Schultz, M. and Egger, U. and Werner, P. and Scholz, R.},
  title = {Diffusion in GaAs and Related Compounds: Resent Developments},
  journal = {Deffect and Diffusion Forum},
  year = {1997},
  pages = {143-147},
  language = {english}
}